<record><leader>00000cas a22000007a 4500</leader><controlfield tag="001">37847757</controlfield><controlfield tag="008">971027d189u1uuusduwr ne      0   a0eng d</controlfield><datafield ind1=" " ind2=" " tag="010"><subfield code="a">sn 97071312 </subfield></datafield><datafield ind1=" " ind2=" " tag="040"><subfield code="a">SXN</subfield><subfield code="b">eng</subfield><subfield code="c">SXN</subfield><subfield code="d">OCLCQ</subfield><subfield code="d">OCLCF</subfield><subfield code="d">OCLCO</subfield></datafield><datafield ind1="1" ind2=" " tag="029"><subfield code="a">AU@</subfield><subfield code="b">000013613335</subfield></datafield><datafield ind1=" " ind2=" " tag="042"><subfield code="a">msc</subfield></datafield><datafield ind1=" " ind2=" " tag="043"><subfield code="a">n-us-sd</subfield></datafield><datafield ind1="0" ind2="0" tag="245"><subfield code="a">Oelrichs times.</subfield></datafield><datafield ind1=" " ind2=" " tag="260"><subfield code="a">Oelrichs, S.D :</subfield><subfield code="b">O.B. Chesley</subfield></datafield><datafield ind1=" " ind2=" " tag="300"><subfield code="a">v.</subfield></datafield><datafield ind1=" " ind2=" " tag="310"><subfield code="a">Weekly</subfield></datafield><datafield ind1=" " ind2=" " tag="580"><subfield code="a">Merged with: Hot Springs herald, to form: Times-herald (Hot Springs, S.D.).</subfield></datafield><datafield ind1=" " ind2=" " tag="588"><subfield code="a">Description based on: Vol. 1, no. 28 (Mar. 12, 1892).</subfield></datafield><datafield ind1=" " ind2="0" tag="651"><subfield code="a">Oelrichs (S.D.)</subfield><subfield code="v">Newspapers.</subfield></datafield><datafield ind1=" " ind2="0" tag="651"><subfield code="a">Fall River County (S.D.)</subfield><subfield code="v">Newspapers.</subfield></datafield><datafield ind1=" " ind2="7" tag="655"><subfield code="a">Newspapers.</subfield><subfield code="2">fast</subfield><subfield code="0">(OCoLC)fst01423814</subfield></datafield><datafield ind1=" " ind2="7" tag="651"><subfield code="a">South Dakota</subfield><subfield code="z">Fall River County.</subfield><subfield code="2">fast</subfield><subfield code="0">(OCoLC)fst01215571</subfield></datafield><datafield ind1=" " ind2="7" tag="651"><subfield code="a">South Dakota</subfield><subfield code="z">Oelrichs.</subfield><subfield code="2">fast</subfield><subfield code="0">(OCoLC)fst01236761</subfield></datafield><datafield ind1=" " ind2=" " tag="752"><subfield code="a">United States</subfield><subfield code="b">South Dakota</subfield><subfield code="c">Fall River</subfield><subfield code="d">Oelrichs.</subfield></datafield><datafield ind1="1" ind2="7" tag="785"><subfield code="t">Hot Springs herald</subfield></datafield><datafield ind1="1" ind2="7" tag="785"><subfield code="t">Times-herald (Hot Springs, S.D.)</subfield><subfield code="w">(DLC)sn 96090255</subfield></datafield></record>